@article{grunerbl2014smartphone,
  title={Smartphone-based recognition of states and state changes in bipolar disorder patients},
  author={Gr{\"u}nerbl, Agnes and Muaremi, Amir and Osmani, Venet and Bahle, Gernot and Oehler, Stefan and Tr{\"o}ster, Gerhard and Mayora, Oscar and Haring, Christian and Lukowicz, Paul},
  journal={IEEE Journal of Biomedical and Health Informatics},
  volume={19},
  number={1},
  pages={140--148},
  year={2014},
  publisher={IEEE}
}

@article{ma2014depth,
  title={Depth-based human fall detection via shape features and improved extreme learning machine},
  author={Ma, Xin and Wang, Haibo and Xue, Bingxia and Zhou, Mingang and Ji, Bing and Li, Yibin},
  journal={IEEE journal of biomedical and health informatics},
  volume={18},
  number={6},
  pages={1915--1922},
  year={2014},
  publisher={IEEE}
}

@article{bussmann1998ambulatory,
  title={Ambulatory accelerometry to quantify motor behaviour in patients after failed back surgery: a validation study},
  author={Bussmann, JBJ and Van de Laar, YM and Neeleman, MP and Stam, HJ},
  journal={Pain},
  volume={74},
  number={2-3},
  pages={153--161},
  year={1998},
  publisher={Elsevier}
}

@article{najafi2003ambulatory,
  title={Ambulatory system for human motion analysis using a kinematic sensor: monitoring of daily physical activity in the elderly},
  author={Najafi, Bijan and Aminian, Kamiar and Paraschiv-Ionescu, Anisoara and Loew, Fran{\c{c}}ois and Bula, Christophe J and Robert, Philippe},
  journal={IEEE Transactions on biomedical Engineering},
  volume={50},
  number={6},
  pages={711--723},
  year={2003},
  publisher={IEEE}
}

@article{motrenko2015extracting,
  title={Extracting fundamental periods to segment biomedical signals},
  author={Motrenko, Anastasia and Strijov, Vadim},
  journal={IEEE journal of biomedical and health informatics},
  volume={20},
  number={6},
  pages={1466--1476},
  year={2015},
  publisher={IEEE}
}

@article{karkishchenko2013recovery,
  title={Recovery of points symmetry in images of objects with reflectional symmetry},
  author={Karkishchenko, AN and Mnukhin, VB},
  journal={Machine Learning and Data Analysis},
  volume={1},
  number={5},
  pages={621--631},
  year={2013}
}


@inproceedings{karkishchenko2013reflective,
  title={Reflective symmetrization of feature points in images},
  author={Karkishchenko, AN and Mnukhin, VB},
  booktitle={11th Conference (International) on Pattern Recognition and Image Analysis: New Information Technologies (PRIA-11-2013) Proceedings. Samara},
  pages={209--212},
  year={2013}
}

@article{usmanova,
  title={Аппроксимация фазовой траектории квазипериодических сигналов методом сферической регрессии},
  author={Усманова, Карина Равилевна and Журавлёв, ЮИ and Рудаков, КВ and Стрижов, ВВ},
  journal={Вестник Московского университета. Серия 15: Вычислительная математика и кибернетика},
  number={4},
  pages={40--46},
  year={2020},
  publisher={Федеральное государственное бюджетное образовательное учреждение высшего~…}
}

@article{grabovoy2020quasi,
  title={Quasi-Periodic Time Series Clustering for Human Activity Recognition},
  author={Grabovoy, AV and Strijov, VV},
  journal={Lobachevskii Journal of Mathematics},
  volume={41},
  number={3},
  pages={333--339},
  year={2020},
  publisher={Springer}
}

@article{ignatov2016human,
  title={Human activity recognition using quasiperiodic time series collected from a single tri-axial accelerometer},
  author={Ignatov, Andrey D and Strijov, Vadim V},
  journal={Multimedia tools and applications},
  volume={75},
  number={12},
  pages={7257--7270},
  year={2016},
  publisher={Springer}
}